<?xml version="1.0" encoding="UTF-8"?><collection xmlns="http://www.loc.gov/MARC21/slim"><record><leader>00437nam--2200145-i-4500</leader><controlfield tag="001">000016139</controlfield><controlfield tag="002">20161230</controlfield><controlfield tag="005">20170206190345</controlfield><controlfield tag="008">060222s1000------------r-----000-0-eng-d</controlfield><datafield ind1=" " ind2=" " tag="100"><subfield code="a">Csaki, Attila</subfield></datafield><datafield ind1=" " ind2=" " tag="245"><subfield code="a">Un spectrometre a echos de spins pour l etude de la relaxation nucleaire des liquides</subfield><subfield code="b">these</subfield></datafield><datafield ind1=" " ind2=" " tag="260"><subfield code="a">Geneve</subfield><subfield code="b">Universite De Geneve</subfield><subfield code="c">1963</subfield></datafield><datafield ind1=" " ind2=" " tag="300"><subfield code="a">/1021-1051/p</subfield></datafield><datafield ind1=" " ind2=" " tag="852"><subfield code="a">681.785.5(043)</subfield></datafield><datafield ind1=" " ind2=" " tag="CAT"><subfield code="a">SYS</subfield><subfield code="c">20170206</subfield><subfield code="h">190345</subfield></datafield></record></collection>